<record xmlns='http://www.loc.gov/MARC21/slim'><leader>01198cim a22003132u 4500</leader><controlfield tag='001'>3604576</controlfield><controlfield tag='005'>20151214183426.0</controlfield><controlfield tag='007'>ss|lmnjluz|nuu</controlfield><controlfield tag='008'>991101s1983    nyunnn         l    eng d</controlfield><datafield ind1=' ' ind2=' ' tag='035'><subfield code='a'>(NIC)notisASG1641</subfield></datafield><datafield ind1=' ' ind2=' ' tag='035'><subfield code='a'>3604576</subfield></datafield><datafield ind1=' ' ind2=' ' tag='035'><subfield code='a'>(OCoLC)63903025</subfield></datafield><datafield ind1=' ' ind2=' ' tag='040'><subfield code='a'>NIC</subfield><subfield code='c'>NIC</subfield><subfield code='d'>NIC</subfield></datafield><datafield ind1='1' ind2=' ' tag='100'><subfield code='a'>Derrida, Jacques.</subfield></datafield><datafield ind1='1' ind2='4' tag='245'><subfield code='a'>The principle of reason and the idea of the university</subfield><subfield code='h'>[sound recording]</subfield></datafield><datafield ind1=' ' ind2=' ' tag='260'><subfield code='c'>1983.</subfield></datafield><datafield ind1=' ' ind2=' ' tag='300'><subfield code='a'>2 sound cassettes (100 min.) :</subfield><subfield code='b'>analog, mono.</subfield></datafield><datafield ind1=' ' ind2=' ' tag='500'><subfield code='a'>Recorded in Ithaca, NY by Cornell University.</subfield></datafield><datafield ind1=' ' ind2=' ' tag='500'><subfield code='a'>Sponsored by: Andrew D. White Professors-At-Large Program.</subfield></datafield><datafield ind1=' ' ind2=' ' tag='518'><subfield code='a'>Lecture, April 19, 1983.</subfield></datafield><datafield ind1=' ' ind2=' ' tag='520'><subfield code='a'>Derrida discusses a university&apos;s &quot;reason to be&quot;, its meaning and distinction.</subfield></datafield><datafield ind1=' ' ind2='0' tag='650'><subfield code='a'>Universities and colleges</subfield><subfield code='x'>Evaluation.</subfield></datafield><datafield ind1=' ' ind2='0' tag='650'><subfield code='a'>Education, Higher</subfield><subfield code='x'>Aims and objectives.</subfield></datafield><datafield ind1=' ' ind2='7' tag='650'><subfield code='a'>Education, Higher</subfield><subfield code='x'>Aims and objectives</subfield><subfield code='2'>fast</subfield><subfield code='0'>(OCoLC)fst00903015</subfield></datafield><datafield ind1=' ' ind2='7' tag='650'><subfield code='a'>Universities and colleges</subfield><subfield code='x'>Evaluation</subfield><subfield code='2'>fast</subfield><subfield code='0'>(OCoLC)fst01161730</subfield></datafield><datafield ind1=' ' ind2='0' tag='830'><subfield code='a'>Andrew D. White Professors-At-Large lectures.</subfield></datafield><datafield ind1='1' ind2=' ' tag='899'><subfield code='a'>CULectures</subfield></datafield><datafield ind1=' ' ind2=' ' tag='905'><subfield code='a'>19991201120000.0</subfield></datafield><datafield ind1='2' ind2=' ' tag='948'><subfield code='a'>20141221</subfield><subfield code='b'>m</subfield><subfield code='d'>batch</subfield><subfield code='e'>lts</subfield><subfield code='x'>addfast</subfield></datafield></record>